<record xmlns:xsi="http://www.w3.org/2001/XMLSchema-instance" xmlns="http://www.loc.gov/MARC21/slim" xsi:schemaLocation="http://www.loc.gov/MARC21/slim http://www.loc.gov/standards/marcxml/schema/MARC21slim.xsd">

  <leader>00603nam a2200181Ia 4500</leader>
  <datafield tag="999" ind2=" " ind1=" ">
    <subfield code="c">1347</subfield>
    <subfield code="d">1347</subfield>
  </datafield>
  <controlfield tag="008">170613b1994    us ||||| |||| 00| | spa d</controlfield>
  <datafield ind1=" " ind2=" " tag="090">
    <subfield code="a">05.03.03 </subfield>
    <subfield code="b">853</subfield>
  </datafield>
  <datafield tag="100" ind2=" " ind1="1">
    <subfield code="a">Winter, Carolyn</subfield>
    <subfield code="9">2930</subfield>
  </datafield>
  <datafield ind2="0" tag="245" ind1="1">
    <subfield code="a">Mujeres trabajadoras en Latinoamerica: brechas en participación, remuneración y política pública</subfield>
    <subfield code="c">Carolyn Winter</subfield>
  </datafield>
  <datafield ind2=" " tag="260" ind1=" ">
    <subfield code="a">Washigton, D.C. : </subfield>
    <subfield code="b">Banco Mundial, </subfield>
    <subfield code="c">1994</subfield>
  </datafield>
  <datafield ind2=" " tag="300" ind1=" ">
    <subfield code="a">38 páginas</subfield>
  </datafield>
  <datafield ind1="1" tag="650" ind2="4">
    <subfield code="a">PARTICIPACIÓN DE LA MUJER</subfield>
    <subfield code="9">716</subfield>
  </datafield>
  <datafield ind2="4" tag="650" ind1="1">
    <subfield code="a">TRABAJADORAS</subfield>
    <subfield code="9">1774</subfield>
  </datafield>
  <datafield ind1="1" ind2="4" tag="650">
    <subfield code="a">MERCADO DE TRABAJO</subfield>
    <subfield code="9">571</subfield>
  </datafield>
  <datafield tag="650" ind2="4" ind1="1">
    <subfield code="9">2846</subfield>
    <subfield code="a">SALARIOS</subfield>
  </datafield>
  <datafield tag="650" ind2="4" ind1="1">
    <subfield code="a">MATERNIDAD</subfield>
    <subfield code="9">2496</subfield>
  </datafield>
  <datafield ind2=" " tag="942" ind1=" ">
    <subfield code="2">z</subfield>
    <subfield code="c">01</subfield>
  </datafield>
</record>